<?xml version="1.0" encoding="UTF-8"?><collection xmlns="http://www.loc.gov/MARC21/slim"><record><leader>00429nam--2200157-i-4500</leader><controlfield tag="001">000041581</controlfield><controlfield tag="002">20161230</controlfield><controlfield tag="005">20161230201043</controlfield><controlfield tag="008">060222s1000------------r-----000-0-eng-d</controlfield><datafield ind1=" " ind2=" " tag="080"><subfield code="a">517.1</subfield></datafield><datafield ind1="1" ind2="0" tag="100"><subfield code="a">Sikorski,Roman</subfield></datafield><datafield ind1="1" ind2=" " tag="245"><subfield code="a">Boolean algebras</subfield></datafield><datafield ind1=" " ind2=" " tag="260"><subfield code="a">Berlin, Springer-verlag, 1964. X+237 P</subfield></datafield><datafield ind1=" " ind2=" " tag="490"><subfield code="a">Ergebnisse Der Math.Und Ihrer Grenzgebiete. Neue Folge</subfield></datafield><datafield ind1=" " ind2=" " tag="852"><subfield code="a">13928</subfield><subfield code="c">517.11</subfield></datafield><datafield ind1=" " ind2=" " tag="CAT"><subfield code="a">Sys</subfield><subfield code="c">20080715</subfield><subfield code="h">114316</subfield></datafield></record></collection>